<?xml version="1.0" encoding="UTF-8"?><collection xmlns="http://www.loc.gov/MARC21/slim"><record><leader>00400nam--2200145-i-4500</leader><controlfield tag="001">000046221</controlfield><controlfield tag="002">20161230</controlfield><controlfield tag="005">20161230201045</controlfield><controlfield tag="008">060222s1000------------r-----000-0-eng-d</controlfield><datafield ind1=" " ind2=" " tag="080"><subfield code="a">51(030.1)</subfield></datafield><datafield ind1=" " ind2=" " tag="245"><subfield code="a">The universal encyclopedia of mathematics with a foreword by james r.newman</subfield></datafield><datafield ind1=" " ind2=" " tag="260"><subfield code="a">New York, Simon And Schuster, 1964</subfield></datafield><datafield ind1=" " ind2=" " tag="300"><subfield code="a">715 P</subfield></datafield><datafield ind1=" " ind2=" " tag="852"><subfield code="a">21655</subfield></datafield><datafield ind1=" " ind2=" " tag="CAT"><subfield code="a">Sys</subfield><subfield code="c">20080407</subfield><subfield code="h">125538</subfield></datafield></record></collection>